@INPROCEEDINGS{sofea:cec2012,
author={Merelo-Guervos, Juan J. and Mora, A. and Cruz, J.A. and Esparcia-Alc{\'a}zar, A.I. and Cotta, C.},
booktitle={Evolutionary Computation (CEC), 2012 IEEE Congress on}, title={Scaling in distributed evolutionary algorithms with persistent population},
year={2012},
month={june},
volume={},
number={},
pages={1 -8},
keywords={API;CouchDB object store;distributed computing system;distributed evolutionary algorithm scaling;persistent population;programming languages;application program interfaces;distributed algorithms;evolutionary computation;},
doi={10.1109/CEC.2012.6256622},
ISSN={},}

@INPROCEEDINGS{sofea:cec2012:anon,
author={Anonymous authors},
booktitle={Anonymous conference},
title={Anonymous title},
year={20xx}

}


@inproceedings{garcia2017evospace,
  title={evospace-js: asynchronous pool-based execution of heterogeneous metaheuristics},
  author={Garc{\'\i}a-Valdez, Mario and Merelo, JJ},
  booktitle={Proceedings of the Genetic and Evolutionary Computation Conference Companion},
  pages={1202--1208},
  year={2017},
  organization={ACM}
}

@INPROCEEDINGS{garcia2017evospace:anon,
author={Anonymous authors},
booktitle={Anonymous conference},
title={Anonymous title},
year={20xx}
}

@InProceedings{Jini:FEA2000,
  author = 	 {J. Atienza and P. A. Castillo and  M. Garc\'{i}a and  J. Gonz\'{a}lez and  J.J. Merelo},
  title = 	 {Jenetic: a distributed, fine-grained, asynchronous evolutionary algorithm using {J}ini},
  crossref = {FEA2000},
  pages =        {1087--1089},
}

@Proceedings{FEA2000,
  title = 	 {FEA2000 (Frontiers in Evolutionary Algorithms)},
  booktitle =    {Proc. JCIS 2000 (Joint Conference on Information Sciences)},
  year = 	 2000,
  editor =	 {P. P. Wang},
  volume =	 {I},
  note =	 {ISBN: 0-9643456-9-2}
}

@INPROCEEDINGS{Jini:FEA2000:anon,
author={Anonymous authors},
booktitle={Anonymous conference},
title={Anonymous title},
year={20xx}
}

@InProceedings{agajaj,
author = {J. J. Merelo and P.A. Castillo and J.L.J. Laredo and A. Mora and A. Prieto},
title = {Asynchronous Distributed Genetic Algorithms with {J}ava{S}cript and {JSON}},
crossref= {wcci08},
pages =  {1372--1379},
url ={http://atc.ugr.es/I+D+i/congresos/2008/CEC_2008_1372.pdf}
}

@INPROCEEDINGS{agajaj:anon,
author={Anonymous authors},
booktitle={Anonymous conference},
title={Anonymous title},
year={20xx}
}

@Proceedings{wcci08,
  title = 	 {IEEE Congress on Evolutionary Computation (CEC2008)},
  booktitle = {WCCI 2008 Proceedings},
  year = 	 2008,
  key =		 {WCCI 08 Proceedings},
  isbn =         {978-1-4244-1823-7},
  publisher =	 {IEEE Press}
}

@InProceedings{sofea:evopar2012,
  author = 	 {Juan-J Merelo-Guerv{\\'o}s and Antonio Mora and J. Albert
                  Cruz and Anna I. Esparcia},
  title = 	 {Pool-based Distributed Evolutionary Algorithms using an Object Database},
  booktitle = {EvoApplications 2012 Proceedings},
  pages = 	 {441--450},
  year = 	 2012,
  editor = 	 {Cecilia di Chio et al.}
}

@INPROCEEDINGS{evopar2012:anon,
author={Anonymous authors},
booktitle={Anonymous conference},
title={Anonymous title},
year={20xx}
}

@article{de2017parallel,
  title={Parallel Genetic Algorithms in the Cloud},
  author={De Lucia, Andrea and Salza, Pasquale},
  year={2017}
}

@article{malawski2017serverless,
  title={Serverless execution of scientific workflows: Experiments with HyperFlow, AWS Lambda and Google Cloud Functions},
  author={Malawski, Maciej and Gajek, Adam and Zima, Adam and Balis, Bartosz and Figiela, Kamil},
  journal={Future Generation Computer Systems},
  year={2017},
  publisher={Elsevier}
}
@article{varghese2018next,
  title={Next generation cloud computing: New trends and research directions},
  author={Varghese, Blesson and Buyya, Rajkumar},
  journal={Future Generation Computer Systems},
  volume={79},
  pages={849--861},
  year={2018},
  publisher={Elsevier}
}

@article{buyya2017manifesto,
  title={A Manifesto for Future Generation Cloud Computing: Research Directions for the Next Decade},
  author={Buyya, Rajkumar and Srirama, Satish Narayana and Casale, Giuliano and Calheiros, Rodrigo and Simmhan, Yogesh and Varghese, Blesson and Gelenbe, Erol and Javadi, Bahman and Vaquero, Luis Miguel and Netto, Marco AS and others},
  journal={arXiv preprint arXiv:1711.09123},
  year={2017}
}

@inproceedings{salza2017ccube,
  title={cCube: a cloud microservices architecture for evolutionary machine learning classification},
  author={Salza, Pasquale and Hemberg, Erik and Ferrucci, Filomena and O'Reilly, Una-May},
  booktitle={Proceedings of the Genetic and Evolutionary Computation Conference Companion},
  pages={137--138},
  year={2017},
  organization={ACM}
}

@InProceedings{10.1007/978-3-319-32149-3_46,
author="Funika, W{\l}odzimierz
and Koperek, Pawe{\l}",
editor="Wyrzykowski, Roman
and Deelman, Ewa
and Dongarra, Jack
and Karczewski, Konrad
and Kitowski, Jacek
and Wiatr, Kazimierz",
title="Towards a Scalable Distributed Fitness Evaluation Service",
booktitle="Parallel Processing and Applied Mathematics",
year="2016",
publisher="Springer International Publishing",
address="Cham",
pages="493--502",
abstract="Organizations across the globe gather more and more data. Large datasets require new approaches to analysis and processing, which include methods based on machine learning. In particular, the symbolic regression can provide many useful insights. Unfortunately, due to high resource requirements, the use of this method for large datasets might be unfeasible. In this paper we analyze a bottleneck in an open-source implementation of this method, we call hubert. We identify that the evaluation of individuals is the most costly operation. As a solution to this problem, we propose a new evaluation service based on the Apache Spark framework, which attempts to speed up computations by distributing them on a cluster of machines. We compare the performance of the service by analyzing the execution time for a number of samples with use of both implementations. Then we discuss how the computation time improves with increased amount of resources. Finally we draw conclusions and outline plans for further research.",
isbn="978-3-319-32149-3"
}
